%YAML 1.1
%TAG !u! tag:unity3d.com,2011:
--- !u!1 &1768395981575223064
GameObject:
  m_ObjectHideFlags: 0
  m_CorrespondingSourceObject: {fileID: 0}
  m_PrefabInstance: {fileID: 0}
  m_PrefabAsset: {fileID: 0}
  serializedVersion: 6
  m_Component:
  - component: {fileID: 1768395981575223071}
  m_Layer: 0
  m_Name: FirePoint (1)
  m_TagString: Untagged
  m_Icon: {fileID: 0}
  m_NavMeshLayer: 0
  m_StaticEditorFlags: 0
  m_IsActive: 1
--- !u!4 &1768395981575223071
Transform:
  m_ObjectHideFlags: 0
  m_CorrespondingSourceObject: {fileID: 0}
  m_PrefabInstance: {fileID: 0}
  m_PrefabAsset: {fileID: 0}
  m_GameObject: {fileID: 1768395981575223064}
  m_LocalRotation: {x: 0.003580241, y: -0.0007503517, z: -0.0019484096, w: 0.9999914}
  m_LocalPosition: {x: 0.0023, y: 0.0008, z: -0.4985}
  m_LocalScale: {x: 1, y: 1, z: 1}
  m_Children:
  - {fileID: 1768395982296752204}
  m_Father: {fileID: 1766969697833195118}
  m_RootOrder: 2
  m_LocalEulerAnglesHint: {x: 0, y: 0, z: 0}
--- !u!1 &1769400946242565164
GameObject:
  m_ObjectHideFlags: 0
  m_CorrespondingSourceObject: {fileID: 0}
  m_PrefabInstance: {fileID: 0}
  m_PrefabAsset: {fileID: 0}
  serializedVersion: 6
  m_Component:
  - component: {fileID: 1773157703399199166}
  - component: {fileID: 1800390605225351216}
  - component: {fileID: 1792309242945666154}
  m_Layer: 0
  m_Name: Pump
  m_TagString: Untagged
  m_Icon: {fileID: 0}
  m_NavMeshLayer: 0
  m_StaticEditorFlags: 0
  m_IsActive: 1
--- !u!4 &1773157703399199166
Transform:
  m_ObjectHideFlags: 0
  m_CorrespondingSourceObject: {fileID: 0}
  m_PrefabInstance: {fileID: 0}
  m_PrefabAsset: {fileID: 0}
  m_GameObject: {fileID: 1769400946242565164}
  m_LocalRotation: {x: 0, y: -0, z: -0, w: 1}
  m_LocalPosition: {x: -0, y: -0.031536907, z: -0.13969211}
  m_LocalScale: {x: 1, y: 1, z: 1}
  m_Children: []
  m_Father: {fileID: 1766969697833195118}
  m_RootOrder: 0
  m_LocalEulerAnglesHint: {x: 0, y: 0, z: 0}
--- !u!33 &1800390605225351216
MeshFilter:
  m_ObjectHideFlags: 0
  m_CorrespondingSourceObject: {fileID: 0}
  m_PrefabInstance: {fileID: 0}
  m_PrefabAsset: {fileID: 0}
  m_GameObject: {fileID: 1769400946242565164}
  m_Mesh: {fileID: 4300004, guid: bf2593fe0c804b84688e307cfb1ddfae, type: 3}
--- !u!23 &1792309242945666154
MeshRenderer:
  m_ObjectHideFlags: 0
  m_CorrespondingSourceObject: {fileID: 0}
  m_PrefabInstance: {fileID: 0}
  m_PrefabAsset: {fileID: 0}
  m_GameObject: {fileID: 1769400946242565164}
  m_Enabled: 1
  m_CastShadows: 1
  m_ReceiveShadows: 1
  m_DynamicOccludee: 1
  m_MotionVectors: 1
  m_LightProbeUsage: 1
  m_ReflectionProbeUsage: 1
  m_RenderingLayerMask: 4294967295
  m_RendererPriority: 0
  m_Materials:
  - {fileID: 2100000, guid: 28f0b13c7e9707746b5e0b3336181560, type: 2}
  m_StaticBatchInfo:
    firstSubMesh: 0
    subMeshCount: 0
  m_StaticBatchRoot: {fileID: 0}
  m_ProbeAnchor: {fileID: 0}
  m_LightProbeVolumeOverride: {fileID: 0}
  m_ScaleInLightmap: 1
  m_ReceiveGI: 1
  m_PreserveUVs: 0
  m_IgnoreNormalsForChartDetection: 0
  m_ImportantGI: 0
  m_StitchLightmapSeams: 0
  m_SelectedEditorRenderState: 3
  m_MinimumChartSize: 4
  m_AutoUVMaxDistance: 0.5
  m_AutoUVMaxAngle: 89
  m_LightmapParameters: {fileID: 0}
  m_SortingLayerID: 0
  m_SortingLayer: 0
  m_SortingOrder: 0
--- !u!1 &1769631634339721160
GameObject:
  m_ObjectHideFlags: 0
  m_CorrespondingSourceObject: {fileID: 0}
  m_PrefabInstance: {fileID: 0}
  m_PrefabAsset: {fileID: 0}
  serializedVersion: 6
  m_Component:
  - component: {fileID: 1766969697833195118}
  - component: {fileID: 1797768170763282270}
  - component: {fileID: 1791999952638422530}
  - component: {fileID: 1768395981985399861}
  - component: {fileID: 1768395981985399850}
  m_Layer: 0
  m_Name: Bennelli_M4
  m_TagString: Untagged
  m_Icon: {fileID: 0}
  m_NavMeshLayer: 0
  m_StaticEditorFlags: 0
  m_IsActive: 0
--- !u!4 &1766969697833195118
Transform:
  m_ObjectHideFlags: 0
  m_CorrespondingSourceObject: {fileID: 0}
  m_PrefabInstance: {fileID: 0}
  m_PrefabAsset: {fileID: 0}
  m_GameObject: {fileID: 1769631634339721160}
  m_LocalRotation: {x: 0.0015684855, y: 0.99926895, z: -0.016068991, w: 0.034653228}
  m_LocalPosition: {x: 0.161, y: -0.19, z: 0.057}
  m_LocalScale: {x: 1, y: 1, z: 1}
  m_Children:
  - {fileID: 1773157703399199166}
  - {fileID: 1773110409647556588}
  - {fileID: 1768395981575223071}
  m_Father: {fileID: 0}
  m_RootOrder: 0
  m_LocalEulerAnglesHint: {x: 1.8470001, y: 176.03001, z: 0.116000004}
--- !u!33 &1797768170763282270
MeshFilter:
  m_ObjectHideFlags: 0
  m_CorrespondingSourceObject: {fileID: 0}
  m_PrefabInstance: {fileID: 0}
  m_PrefabAsset: {fileID: 0}
  m_GameObject: {fileID: 1769631634339721160}
  m_Mesh: {fileID: 4300000, guid: bf2593fe0c804b84688e307cfb1ddfae, type: 3}
--- !u!23 &1791999952638422530
MeshRenderer:
  m_ObjectHideFlags: 0
  m_CorrespondingSourceObject: {fileID: 0}
  m_PrefabInstance: {fileID: 0}
  m_PrefabAsset: {fileID: 0}
  m_GameObject: {fileID: 1769631634339721160}
  m_Enabled: 1
  m_CastShadows: 1
  m_ReceiveShadows: 1
  m_DynamicOccludee: 1
  m_MotionVectors: 1
  m_LightProbeUsage: 1
  m_ReflectionProbeUsage: 1
  m_RenderingLayerMask: 4294967295
  m_RendererPriority: 0
  m_Materials:
  - {fileID: 2100000, guid: 28f0b13c7e9707746b5e0b3336181560, type: 2}
  m_StaticBatchInfo:
    firstSubMesh: 0
    subMeshCount: 0
  m_StaticBatchRoot: {fileID: 0}
  m_ProbeAnchor: {fileID: 0}
  m_LightProbeVolumeOverride: {fileID: 0}
  m_ScaleInLightmap: 1
  m_ReceiveGI: 1
  m_PreserveUVs: 0
  m_IgnoreNormalsForChartDetection: 0
  m_ImportantGI: 0
  m_StitchLightmapSeams: 0
  m_SelectedEditorRenderState: 3
  m_MinimumChartSize: 4
  m_AutoUVMaxDistance: 0.5
  m_AutoUVMaxAngle: 89
  m_LightmapParameters: {fileID: 0}
  m_SortingLayerID: 0
  m_SortingLayer: 0
  m_SortingOrder: 0
--- !u!95 &1768395981985399861
Animator:
  serializedVersion: 3
  m_ObjectHideFlags: 0
  m_CorrespondingSourceObject: {fileID: 0}
  m_PrefabInstance: {fileID: 0}
  m_PrefabAsset: {fileID: 0}
  m_GameObject: {fileID: 1769631634339721160}
  m_Enabled: 1
  m_Avatar: {fileID: 0}
  m_Controller: {fileID: 9100000, guid: 6c0767baa5456154bae9db27ea4d05b8, type: 2}
  m_CullingMode: 0
  m_UpdateMode: 0
  m_ApplyRootMotion: 0
  m_LinearVelocityBlending: 0
  m_WarningMessage: 
  m_HasTransformHierarchy: 1
  m_AllowConstantClipSamplingOptimization: 1
  m_KeepAnimatorControllerStateOnDisable: 0
--- !u!114 &1768395981985399850
MonoBehaviour:
  m_ObjectHideFlags: 0
  m_CorrespondingSourceObject: {fileID: 0}
  m_PrefabInstance: {fileID: 0}
  m_PrefabAsset: {fileID: 0}
  m_GameObject: {fileID: 1769631634339721160}
  m_Enabled: 1
  m_EditorHideFlags: 0
  m_Script: {fileID: 11500000, guid: 05776ef24c428d14d8ddae4e9cfdf527, type: 3}
  m_Name: 
  m_EditorClassIdentifier: 
  damage: 75
  distance: 0
  range: 15
  Gun: {fileID: 1766969697833195118}
  fpscam: {fileID: 0}
  muzzleflash: {fileID: 1768395982282597646}
  magCap: 8
  mag: 8
  maxAmmo: 80
  fireRate: 15
  reloadTime: 2
--- !u!1 &1769699032394129200
GameObject:
  m_ObjectHideFlags: 0
  m_CorrespondingSourceObject: {fileID: 0}
  m_PrefabInstance: {fileID: 0}
  m_PrefabAsset: {fileID: 0}
  serializedVersion: 6
  m_Component:
  - component: {fileID: 1773110409647556588}
  - component: {fileID: 1800479735848948898}
  - component: {fileID: 1792113423298148592}
  m_Layer: 0
  m_Name: Trigger
  m_TagString: Untagged
  m_Icon: {fileID: 0}
  m_NavMeshLayer: 0
  m_StaticEditorFlags: 0
  m_IsActive: 1
--- !u!4 &1773110409647556588
Transform:
  m_ObjectHideFlags: 0
  m_CorrespondingSourceObject: {fileID: 0}
  m_PrefabInstance: {fileID: 0}
  m_PrefabAsset: {fileID: 0}
  m_GameObject: {fileID: 1769699032394129200}
  m_LocalRotation: {x: 0, y: -0, z: -0, w: 1}
  m_LocalPosition: {x: -0, y: -0.038393416, z: 0.13761424}
  m_LocalScale: {x: 1, y: 1, z: 1}
  m_Children: []
  m_Father: {fileID: 1766969697833195118}
  m_RootOrder: 1
  m_LocalEulerAnglesHint: {x: 0, y: 0, z: 0}
--- !u!33 &1800479735848948898
MeshFilter:
  m_ObjectHideFlags: 0
  m_CorrespondingSourceObject: {fileID: 0}
  m_PrefabInstance: {fileID: 0}
  m_PrefabAsset: {fileID: 0}
  m_GameObject: {fileID: 1769699032394129200}
  m_Mesh: {fileID: 4300002, guid: bf2593fe0c804b84688e307cfb1ddfae, type: 3}
--- !u!23 &1792113423298148592
MeshRenderer:
  m_ObjectHideFlags: 0
  m_CorrespondingSourceObject: {fileID: 0}
  m_PrefabInstance: {fileID: 0}
  m_PrefabAsset: {fileID: 0}
  m_GameObject: {fileID: 1769699032394129200}
  m_Enabled: 1
  m_CastShadows: 1
  m_ReceiveShadows: 1
  m_DynamicOccludee: 1
  m_MotionVectors: 1
  m_LightProbeUsage: 1
  m_ReflectionProbeUsage: 1
  m_RenderingLayerMask: 4294967295
  m_RendererPriority: 0
  m_Materials:
  - {fileID: 2100000, guid: 28f0b13c7e9707746b5e0b3336181560, type: 2}
  m_StaticBatchInfo:
    firstSubMesh: 0
    subMeshCount: 0
  m_StaticBatchRoot: {fileID: 0}
  m_ProbeAnchor: {fileID: 0}
  m_LightProbeVolumeOverride: {fileID: 0}
  m_ScaleInLightmap: 1
  m_ReceiveGI: 1
  m_PreserveUVs: 0
  m_IgnoreNormalsForChartDetection: 0
  m_ImportantGI: 0
  m_StitchLightmapSeams: 0
  m_SelectedEditorRenderState: 3
  m_MinimumChartSize: 4
  m_AutoUVMaxDistance: 0.5
  m_AutoUVMaxAngle: 89
  m_LightmapParameters: {fileID: 0}
  m_SortingLayerID: 0
  m_SortingLayer: 0
  m_SortingOrder: 0
--- !u!1001 &1768395982296365770
PrefabInstance:
  m_ObjectHideFlags: 0
  serializedVersion: 2
  m_Modification:
    m_TransformParent: {fileID: 1768395981575223071}
    m_Modifications:
    - target: {fileID: 100006, guid: 0438351a6e6422d43a09930e9be00ee9, type: 3}
      propertyPath: m_Name
      value: MuzzleFlash
      objectReference: {fileID: 0}
    - target: {fileID: 400006, guid: 0438351a6e6422d43a09930e9be00ee9, type: 3}
      propertyPath: m_LocalPosition.x
      value: 0
      objectReference: {fileID: 0}
    - target: {fileID: 400006, guid: 0438351a6e6422d43a09930e9be00ee9, type: 3}
      propertyPath: m_LocalPosition.y
      value: 0
      objectReference: {fileID: 0}
    - target: {fileID: 400006, guid: 0438351a6e6422d43a09930e9be00ee9, type: 3}
      propertyPath: m_LocalPosition.z
      value: 0
      objectReference: {fileID: 0}
    - target: {fileID: 400006, guid: 0438351a6e6422d43a09930e9be00ee9, type: 3}
      propertyPath: m_LocalRotation.x
      value: -0.8306361
      objectReference: {fileID: 0}
    - target: {fileID: 400006, guid: 0438351a6e6422d43a09930e9be00ee9, type: 3}
      propertyPath: m_LocalRotation.y
      value: 0.015586289
      objectReference: {fileID: 0}
    - target: {fileID: 400006, guid: 0438351a6e6422d43a09930e9be00ee9, type: 3}
      propertyPath: m_LocalRotation.z
      value: 0.023870068
      objectReference: {fileID: 0}
    - target: {fileID: 400006, guid: 0438351a6e6422d43a09930e9be00ee9, type: 3}
      propertyPath: m_LocalRotation.w
      value: 0.55608535
      objectReference: {fileID: 0}
    - target: {fileID: 400006, guid: 0438351a6e6422d43a09930e9be00ee9, type: 3}
      propertyPath: m_RootOrder
      value: 0
      objectReference: {fileID: 0}
    - target: {fileID: 400006, guid: 0438351a6e6422d43a09930e9be00ee9, type: 3}
      propertyPath: m_LocalEulerAnglesHint.x
      value: -112.398994
      objectReference: {fileID: 0}
    - target: {fileID: 400006, guid: 0438351a6e6422d43a09930e9be00ee9, type: 3}
      propertyPath: m_LocalEulerAnglesHint.y
      value: 3.3579865
      objectReference: {fileID: 0}
    - target: {fileID: 400006, guid: 0438351a6e6422d43a09930e9be00ee9, type: 3}
      propertyPath: m_LocalEulerAnglesHint.z
      value: -0.09799194
      objectReference: {fileID: 0}
    - target: {fileID: 400000, guid: 0438351a6e6422d43a09930e9be00ee9, type: 3}
      propertyPath: m_LocalRotation.y
      value: 0
      objectReference: {fileID: 0}
    - target: {fileID: 400000, guid: 0438351a6e6422d43a09930e9be00ee9, type: 3}
      propertyPath: m_LocalRotation.w
      value: 0.8191521
      objectReference: {fileID: 0}
    - target: {fileID: 400000, guid: 0438351a6e6422d43a09930e9be00ee9, type: 3}
      propertyPath: m_LocalRotation.x
      value: -0.5735764
      objectReference: {fileID: 0}
    - target: {fileID: 400000, guid: 0438351a6e6422d43a09930e9be00ee9, type: 3}
      propertyPath: m_LocalEulerAnglesHint.x
      value: -70
      objectReference: {fileID: 0}
    - target: {fileID: 400000, guid: 0438351a6e6422d43a09930e9be00ee9, type: 3}
      propertyPath: m_LocalEulerAnglesHint.y
      value: 0
      objectReference: {fileID: 0}
    - target: {fileID: 400004, guid: 0438351a6e6422d43a09930e9be00ee9, type: 3}
      propertyPath: m_LocalRotation.y
      value: 0
      objectReference: {fileID: 0}
    - target: {fileID: 400004, guid: 0438351a6e6422d43a09930e9be00ee9, type: 3}
      propertyPath: m_LocalRotation.w
      value: 1
      objectReference: {fileID: 0}
    - target: {fileID: 400004, guid: 0438351a6e6422d43a09930e9be00ee9, type: 3}
      propertyPath: m_LocalEulerAnglesHint.y
      value: 0
      objectReference: {fileID: 0}
    - target: {fileID: 400004, guid: 0438351a6e6422d43a09930e9be00ee9, type: 3}
      propertyPath: m_LocalRotation.z
      value: 0
      objectReference: {fileID: 0}
    - target: {fileID: 400004, guid: 0438351a6e6422d43a09930e9be00ee9, type: 3}
      propertyPath: m_LocalEulerAnglesHint.z
      value: 0
      objectReference: {fileID: 0}
    - target: {fileID: 19800004, guid: 0438351a6e6422d43a09930e9be00ee9, type: 3}
      propertyPath: EmissionModule.m_Bursts.Array.size
      value: 1
      objectReference: {fileID: 0}
    - target: {fileID: 19800004, guid: 0438351a6e6422d43a09930e9be00ee9, type: 3}
      propertyPath: EmissionModule.m_Bursts.Array.data[0].countCurve.maxCurve.m_Curve.Array.size
      value: 2
      objectReference: {fileID: 0}
    - target: {fileID: 19800004, guid: 0438351a6e6422d43a09930e9be00ee9, type: 3}
      propertyPath: EmissionModule.m_Bursts.Array.data[0].countCurve.minCurve.m_Curve.Array.size
      value: 2
      objectReference: {fileID: 0}
    - target: {fileID: 19800004, guid: 0438351a6e6422d43a09930e9be00ee9, type: 3}
      propertyPath: InitialModule.startSizeY.minMaxState
      value: 0
      objectReference: {fileID: 0}
    - target: {fileID: 19800004, guid: 0438351a6e6422d43a09930e9be00ee9, type: 3}
      propertyPath: InitialModule.startSizeZ.minMaxState
      value: 0
      objectReference: {fileID: 0}
    - target: {fileID: 19800004, guid: 0438351a6e6422d43a09930e9be00ee9, type: 3}
      propertyPath: lengthInSec
      value: 0.2
      objectReference: {fileID: 0}
    - target: {fileID: 19800004, guid: 0438351a6e6422d43a09930e9be00ee9, type: 3}
      propertyPath: EmissionModule.m_BurstCount
      value: 1
      objectReference: {fileID: 0}
    - target: {fileID: 19800004, guid: 0438351a6e6422d43a09930e9be00ee9, type: 3}
      propertyPath: EmissionModule.m_Bursts.Array.data[0].countCurve.scalar
      value: 1
      objectReference: {fileID: 0}
    - target: {fileID: 19800004, guid: 0438351a6e6422d43a09930e9be00ee9, type: 3}
      propertyPath: EmissionModule.m_Bursts.Array.data[0].countCurve.minScalar
      value: 30
      objectReference: {fileID: 0}
    - target: {fileID: 19800004, guid: 0438351a6e6422d43a09930e9be00ee9, type: 3}
      propertyPath: EmissionModule.m_Bursts.Array.data[0].countCurve.maxCurve.m_Curve.Array.data[0].value
      value: 1
      objectReference: {fileID: 0}
    - target: {fileID: 19800004, guid: 0438351a6e6422d43a09930e9be00ee9, type: 3}
      propertyPath: EmissionModule.m_Bursts.Array.data[0].countCurve.maxCurve.m_Curve.Array.data[1].time
      value: 1
      objectReference: {fileID: 0}
    - target: {fileID: 19800004, guid: 0438351a6e6422d43a09930e9be00ee9, type: 3}
      propertyPath: EmissionModule.m_Bursts.Array.data[0].countCurve.maxCurve.m_Curve.Array.data[1].value
      value: 1
      objectReference: {fileID: 0}
    - target: {fileID: 19800004, guid: 0438351a6e6422d43a09930e9be00ee9, type: 3}
      propertyPath: EmissionModule.m_Bursts.Array.data[0].countCurve.maxCurve.m_PreInfinity
      value: 2
      objectReference: {fileID: 0}
    - target: {fileID: 19800004, guid: 0438351a6e6422d43a09930e9be00ee9, type: 3}
      propertyPath: EmissionModule.m_Bursts.Array.data[0].countCurve.maxCurve.m_PostInfinity
      value: 2
      objectReference: {fileID: 0}
    - target: {fileID: 19800004, guid: 0438351a6e6422d43a09930e9be00ee9, type: 3}
      propertyPath: EmissionModule.m_Bursts.Array.data[0].countCurve.maxCurve.m_RotationOrder
      value: 4
      objectReference: {fileID: 0}
    - target: {fileID: 19800004, guid: 0438351a6e6422d43a09930e9be00ee9, type: 3}
      propertyPath: EmissionModule.m_Bursts.Array.data[0].countCurve.minCurve.m_Curve.Array.data[0].value
      value: 1
      objectReference: {fileID: 0}
    - target: {fileID: 19800004, guid: 0438351a6e6422d43a09930e9be00ee9, type: 3}
      propertyPath: EmissionModule.m_Bursts.Array.data[0].countCurve.minCurve.m_Curve.Array.data[1].time
      value: 1
      objectReference: {fileID: 0}
    - target: {fileID: 19800004, guid: 0438351a6e6422d43a09930e9be00ee9, type: 3}
      propertyPath: EmissionModule.m_Bursts.Array.data[0].countCurve.minCurve.m_Curve.Array.data[1].value
      value: 1
      objectReference: {fileID: 0}
    - target: {fileID: 19800004, guid: 0438351a6e6422d43a09930e9be00ee9, type: 3}
      propertyPath: EmissionModule.m_Bursts.Array.data[0].countCurve.minCurve.m_PreInfinity
      value: 2
      objectReference: {fileID: 0}
    - target: {fileID: 19800004, guid: 0438351a6e6422d43a09930e9be00ee9, type: 3}
      propertyPath: EmissionModule.m_Bursts.Array.data[0].countCurve.minCurve.m_PostInfinity
      value: 2
      objectReference: {fileID: 0}
    - target: {fileID: 19800004, guid: 0438351a6e6422d43a09930e9be00ee9, type: 3}
      propertyPath: EmissionModule.m_Bursts.Array.data[0].countCurve.minCurve.m_RotationOrder
      value: 4
      objectReference: {fileID: 0}
    - target: {fileID: 19800004, guid: 0438351a6e6422d43a09930e9be00ee9, type: 3}
      propertyPath: EmissionModule.m_Bursts.Array.data[0].cycleCount
      value: 1
      objectReference: {fileID: 0}
    - target: {fileID: 19800004, guid: 0438351a6e6422d43a09930e9be00ee9, type: 3}
      propertyPath: EmissionModule.m_Bursts.Array.data[0].repeatInterval
      value: 0.01
      objectReference: {fileID: 0}
    - target: {fileID: 19800004, guid: 0438351a6e6422d43a09930e9be00ee9, type: 3}
      propertyPath: EmissionModule.m_Bursts.Array.data[0].probability
      value: 1
      objectReference: {fileID: 0}
    - target: {fileID: 19800004, guid: 0438351a6e6422d43a09930e9be00ee9, type: 3}
      propertyPath: EmissionModule.rateOverTime.scalar
      value: 0
      objectReference: {fileID: 0}
    - target: {fileID: 19800004, guid: 0438351a6e6422d43a09930e9be00ee9, type: 3}
      propertyPath: EmissionModule.m_Bursts.Array.data[0].countCurve.minMaxState
      value: 0
      objectReference: {fileID: 0}
    - target: {fileID: 19800004, guid: 0438351a6e6422d43a09930e9be00ee9, type: 3}
      propertyPath: InitialModule.startSize.minScalar
      value: 0.2
      objectReference: {fileID: 0}
    - target: {fileID: 19800004, guid: 0438351a6e6422d43a09930e9be00ee9, type: 3}
      propertyPath: InitialModule.startSize.scalar
      value: 0.4
      objectReference: {fileID: 0}
    - target: {fileID: 19800004, guid: 0438351a6e6422d43a09930e9be00ee9, type: 3}
      propertyPath: InitialModule.startSize.minMaxState
      value: 0
      objectReference: {fileID: 0}
    - target: {fileID: 19800004, guid: 0438351a6e6422d43a09930e9be00ee9, type: 3}
      propertyPath: EmissionModule.m_Bursts.Array.data[0].countCurve.maxCurve.m_Curve.Array.data[0].inWeight
      value: 0.33333334
      objectReference: {fileID: 0}
    - target: {fileID: 19800004, guid: 0438351a6e6422d43a09930e9be00ee9, type: 3}
      propertyPath: EmissionModule.m_Bursts.Array.data[0].countCurve.maxCurve.m_Curve.Array.data[0].outWeight
      value: 0.33333334
      objectReference: {fileID: 0}
    - target: {fileID: 19800004, guid: 0438351a6e6422d43a09930e9be00ee9, type: 3}
      propertyPath: EmissionModule.m_Bursts.Array.data[0].countCurve.maxCurve.m_Curve.Array.data[1].inWeight
      value: 0.33333334
      objectReference: {fileID: 0}
    - target: {fileID: 19800004, guid: 0438351a6e6422d43a09930e9be00ee9, type: 3}
      propertyPath: EmissionModule.m_Bursts.Array.data[0].countCurve.maxCurve.m_Curve.Array.data[1].outWeight
      value: 0.33333334
      objectReference: {fileID: 0}
    - target: {fileID: 19800004, guid: 0438351a6e6422d43a09930e9be00ee9, type: 3}
      propertyPath: EmissionModule.m_Bursts.Array.data[0].countCurve.minCurve.m_Curve.Array.data[0].inWeight
      value: 0.33333334
      objectReference: {fileID: 0}
    - target: {fileID: 19800004, guid: 0438351a6e6422d43a09930e9be00ee9, type: 3}
      propertyPath: EmissionModule.m_Bursts.Array.data[0].countCurve.minCurve.m_Curve.Array.data[0].outWeight
      value: 0.33333334
      objectReference: {fileID: 0}
    - target: {fileID: 19800004, guid: 0438351a6e6422d43a09930e9be00ee9, type: 3}
      propertyPath: EmissionModule.m_Bursts.Array.data[0].countCurve.minCurve.m_Curve.Array.data[1].inWeight
      value: 0.33333334
      objectReference: {fileID: 0}
    - target: {fileID: 19800004, guid: 0438351a6e6422d43a09930e9be00ee9, type: 3}
      propertyPath: EmissionModule.m_Bursts.Array.data[0].countCurve.minCurve.m_Curve.Array.data[1].outWeight
      value: 0.33333334
      objectReference: {fileID: 0}
    - target: {fileID: 19800004, guid: 0438351a6e6422d43a09930e9be00ee9, type: 3}
      propertyPath: InitialModule.rotation3D
      value: 0
      objectReference: {fileID: 0}
    - target: {fileID: 19800004, guid: 0438351a6e6422d43a09930e9be00ee9, type: 3}
      propertyPath: playOnAwake
      value: 0
      objectReference: {fileID: 0}
    - target: {fileID: 19800004, guid: 0438351a6e6422d43a09930e9be00ee9, type: 3}
      propertyPath: moveWithTransform
      value: 0
      objectReference: {fileID: 0}
    - target: {fileID: 19800004, guid: 0438351a6e6422d43a09930e9be00ee9, type: 3}
      propertyPath: looping
      value: 0
      objectReference: {fileID: 0}
    - target: {fileID: 19800002, guid: 0438351a6e6422d43a09930e9be00ee9, type: 3}
      propertyPath: InitialModule.startSizeY.minMaxState
      value: 3
      objectReference: {fileID: 0}
    - target: {fileID: 19800002, guid: 0438351a6e6422d43a09930e9be00ee9, type: 3}
      propertyPath: InitialModule.startSizeZ.minMaxState
      value: 3
      objectReference: {fileID: 0}
    - target: {fileID: 19800002, guid: 0438351a6e6422d43a09930e9be00ee9, type: 3}
      propertyPath: InitialModule.startRotationX.minMaxState
      value: 2
      objectReference: {fileID: 0}
    - target: {fileID: 19800002, guid: 0438351a6e6422d43a09930e9be00ee9, type: 3}
      propertyPath: InitialModule.startRotationX.scalar
      value: 3.1415927
      objectReference: {fileID: 0}
    - target: {fileID: 19800002, guid: 0438351a6e6422d43a09930e9be00ee9, type: 3}
      propertyPath: InitialModule.startRotationY.minMaxState
      value: 2
      objectReference: {fileID: 0}
    - target: {fileID: 19800002, guid: 0438351a6e6422d43a09930e9be00ee9, type: 3}
      propertyPath: InitialModule.startRotationY.scalar
      value: 3.1415927
      objectReference: {fileID: 0}
    - target: {fileID: 19800002, guid: 0438351a6e6422d43a09930e9be00ee9, type: 3}
      propertyPath: lengthInSec
      value: 1
      objectReference: {fileID: 0}
    - target: {fileID: 19800002, guid: 0438351a6e6422d43a09930e9be00ee9, type: 3}
      propertyPath: EmissionModule.m_Bursts.Array.data[1].time
      value: 1
      objectReference: {fileID: 0}
    - target: {fileID: 19800002, guid: 0438351a6e6422d43a09930e9be00ee9, type: 3}
      propertyPath: EmissionModule.m_Bursts.Array.data[2].time
      value: 1
      objectReference: {fileID: 0}
    - target: {fileID: 19800002, guid: 0438351a6e6422d43a09930e9be00ee9, type: 3}
      propertyPath: playOnAwake
      value: 0
      objectReference: {fileID: 0}
    - target: {fileID: 19800002, guid: 0438351a6e6422d43a09930e9be00ee9, type: 3}
      propertyPath: moveWithTransform
      value: 1
      objectReference: {fileID: 0}
    - target: {fileID: 19800002, guid: 0438351a6e6422d43a09930e9be00ee9, type: 3}
      propertyPath: InitialModule.startSize.minMaxState
      value: 3
      objectReference: {fileID: 0}
    - target: {fileID: 19800002, guid: 0438351a6e6422d43a09930e9be00ee9, type: 3}
      propertyPath: InitialModule.startSize.minScalar
      value: 0.7
      objectReference: {fileID: 0}
    - target: {fileID: 19800002, guid: 0438351a6e6422d43a09930e9be00ee9, type: 3}
      propertyPath: InitialModule.startSize.scalar
      value: 1.2
      objectReference: {fileID: 0}
    - target: {fileID: 19800002, guid: 0438351a6e6422d43a09930e9be00ee9, type: 3}
      propertyPath: EmissionModule.rateOverTime.scalar
      value: 0
      objectReference: {fileID: 0}
    - target: {fileID: 19800002, guid: 0438351a6e6422d43a09930e9be00ee9, type: 3}
      propertyPath: looping
      value: 0
      objectReference: {fileID: 0}
    - target: {fileID: 19800000, guid: 0438351a6e6422d43a09930e9be00ee9, type: 3}
      propertyPath: EmissionModule.m_Bursts.Array.size
      value: 1
      objectReference: {fileID: 0}
    - target: {fileID: 19800000, guid: 0438351a6e6422d43a09930e9be00ee9, type: 3}
      propertyPath: EmissionModule.m_Bursts.Array.data[0].countCurve.maxCurve.m_Curve.Array.size
      value: 2
      objectReference: {fileID: 0}
    - target: {fileID: 19800000, guid: 0438351a6e6422d43a09930e9be00ee9, type: 3}
      propertyPath: EmissionModule.m_Bursts.Array.data[0].countCurve.minCurve.m_Curve.Array.size
      value: 2
      objectReference: {fileID: 0}
    - target: {fileID: 19800000, guid: 0438351a6e6422d43a09930e9be00ee9, type: 3}
      propertyPath: InitialModule.startSizeY.minMaxState
      value: 3
      objectReference: {fileID: 0}
    - target: {fileID: 19800000, guid: 0438351a6e6422d43a09930e9be00ee9, type: 3}
      propertyPath: InitialModule.startSizeZ.minMaxState
      value: 3
      objectReference: {fileID: 0}
    - target: {fileID: 19800000, guid: 0438351a6e6422d43a09930e9be00ee9, type: 3}
      propertyPath: InitialModule.startRotationX.minMaxState
      value: 2
      objectReference: {fileID: 0}
    - target: {fileID: 19800000, guid: 0438351a6e6422d43a09930e9be00ee9, type: 3}
      propertyPath: InitialModule.startRotationX.scalar
      value: 3.1415927
      objectReference: {fileID: 0}
    - target: {fileID: 19800000, guid: 0438351a6e6422d43a09930e9be00ee9, type: 3}
      propertyPath: InitialModule.startRotationY.minMaxState
      value: 2
      objectReference: {fileID: 0}
    - target: {fileID: 19800000, guid: 0438351a6e6422d43a09930e9be00ee9, type: 3}
      propertyPath: InitialModule.startRotationY.scalar
      value: 3.1415927
      objectReference: {fileID: 0}
    - target: {fileID: 19800000, guid: 0438351a6e6422d43a09930e9be00ee9, type: 3}
      propertyPath: lengthInSec
      value: 0.3
      objectReference: {fileID: 0}
    - target: {fileID: 19800000, guid: 0438351a6e6422d43a09930e9be00ee9, type: 3}
      propertyPath: EmissionModule.rateOverTime.scalar
      value: 0
      objectReference: {fileID: 0}
    - target: {fileID: 19800000, guid: 0438351a6e6422d43a09930e9be00ee9, type: 3}
      propertyPath: EmissionModule.m_BurstCount
      value: 1
      objectReference: {fileID: 0}
    - target: {fileID: 19800000, guid: 0438351a6e6422d43a09930e9be00ee9, type: 3}
      propertyPath: EmissionModule.m_Bursts.Array.data[0].countCurve.scalar
      value: 10
      objectReference: {fileID: 0}
    - target: {fileID: 19800000, guid: 0438351a6e6422d43a09930e9be00ee9, type: 3}
      propertyPath: EmissionModule.m_Bursts.Array.data[0].countCurve.minScalar
      value: 30
      objectReference: {fileID: 0}
    - target: {fileID: 19800000, guid: 0438351a6e6422d43a09930e9be00ee9, type: 3}
      propertyPath: EmissionModule.m_Bursts.Array.data[0].countCurve.maxCurve.m_Curve.Array.data[0].value
      value: 1
      objectReference: {fileID: 0}
    - target: {fileID: 19800000, guid: 0438351a6e6422d43a09930e9be00ee9, type: 3}
      propertyPath: EmissionModule.m_Bursts.Array.data[0].countCurve.maxCurve.m_Curve.Array.data[1].time
      value: 1
      objectReference: {fileID: 0}
    - target: {fileID: 19800000, guid: 0438351a6e6422d43a09930e9be00ee9, type: 3}
      propertyPath: EmissionModule.m_Bursts.Array.data[0].countCurve.maxCurve.m_Curve.Array.data[1].value
      value: 1
      objectReference: {fileID: 0}
    - target: {fileID: 19800000, guid: 0438351a6e6422d43a09930e9be00ee9, type: 3}
      propertyPath: EmissionModule.m_Bursts.Array.data[0].countCurve.maxCurve.m_PreInfinity
      value: 2
      objectReference: {fileID: 0}
    - target: {fileID: 19800000, guid: 0438351a6e6422d43a09930e9be00ee9, type: 3}
      propertyPath: EmissionModule.m_Bursts.Array.data[0].countCurve.maxCurve.m_PostInfinity
      value: 2
      objectReference: {fileID: 0}
    - target: {fileID: 19800000, guid: 0438351a6e6422d43a09930e9be00ee9, type: 3}
      propertyPath: EmissionModule.m_Bursts.Array.data[0].countCurve.maxCurve.m_RotationOrder
      value: 4
      objectReference: {fileID: 0}
    - target: {fileID: 19800000, guid: 0438351a6e6422d43a09930e9be00ee9, type: 3}
      propertyPath: EmissionModule.m_Bursts.Array.data[0].countCurve.minCurve.m_Curve.Array.data[0].value
      value: 1
      objectReference: {fileID: 0}
    - target: {fileID: 19800000, guid: 0438351a6e6422d43a09930e9be00ee9, type: 3}
      propertyPath: EmissionModule.m_Bursts.Array.data[0].countCurve.minCurve.m_Curve.Array.data[1].time
      value: 1
      objectReference: {fileID: 0}
    - target: {fileID: 19800000, guid: 0438351a6e6422d43a09930e9be00ee9, type: 3}
      propertyPath: EmissionModule.m_Bursts.Array.data[0].countCurve.minCurve.m_Curve.Array.data[1].value
      value: 1
      objectReference: {fileID: 0}
    - target: {fileID: 19800000, guid: 0438351a6e6422d43a09930e9be00ee9, type: 3}
      propertyPath: EmissionModule.m_Bursts.Array.data[0].countCurve.minCurve.m_PreInfinity
      value: 2
      objectReference: {fileID: 0}
    - target: {fileID: 19800000, guid: 0438351a6e6422d43a09930e9be00ee9, type: 3}
      propertyPath: EmissionModule.m_Bursts.Array.data[0].countCurve.minCurve.m_PostInfinity
      value: 2
      objectReference: {fileID: 0}
    - target: {fileID: 19800000, guid: 0438351a6e6422d43a09930e9be00ee9, type: 3}
      propertyPath: EmissionModule.m_Bursts.Array.data[0].countCurve.minCurve.m_RotationOrder
      value: 4
      objectReference: {fileID: 0}
    - target: {fileID: 19800000, guid: 0438351a6e6422d43a09930e9be00ee9, type: 3}
      propertyPath: EmissionModule.m_Bursts.Array.data[0].cycleCount
      value: 1
      objectReference: {fileID: 0}
    - target: {fileID: 19800000, guid: 0438351a6e6422d43a09930e9be00ee9, type: 3}
      propertyPath: EmissionModule.m_Bursts.Array.data[0].repeatInterval
      value: 0.01
      objectReference: {fileID: 0}
    - target: {fileID: 19800000, guid: 0438351a6e6422d43a09930e9be00ee9, type: 3}
      propertyPath: EmissionModule.m_Bursts.Array.data[0].probability
      value: 1
      objectReference: {fileID: 0}
    - target: {fileID: 19800000, guid: 0438351a6e6422d43a09930e9be00ee9, type: 3}
      propertyPath: EmissionModule.m_Bursts.Array.data[0].countCurve.maxCurve.m_Curve.Array.data[0].inWeight
      value: 0.33333334
      objectReference: {fileID: 0}
    - target: {fileID: 19800000, guid: 0438351a6e6422d43a09930e9be00ee9, type: 3}
      propertyPath: EmissionModule.m_Bursts.Array.data[0].countCurve.maxCurve.m_Curve.Array.data[0].outWeight
      value: 0.33333334
      objectReference: {fileID: 0}
    - target: {fileID: 19800000, guid: 0438351a6e6422d43a09930e9be00ee9, type: 3}
      propertyPath: EmissionModule.m_Bursts.Array.data[0].countCurve.maxCurve.m_Curve.Array.data[1].inWeight
      value: 0.33333334
      objectReference: {fileID: 0}
    - target: {fileID: 19800000, guid: 0438351a6e6422d43a09930e9be00ee9, type: 3}
      propertyPath: EmissionModule.m_Bursts.Array.data[0].countCurve.maxCurve.m_Curve.Array.data[1].outWeight
      value: 0.33333334
      objectReference: {fileID: 0}
    - target: {fileID: 19800000, guid: 0438351a6e6422d43a09930e9be00ee9, type: 3}
      propertyPath: EmissionModule.m_Bursts.Array.data[0].countCurve.minCurve.m_Curve.Array.data[0].inWeight
      value: 0.33333334
      objectReference: {fileID: 0}
    - target: {fileID: 19800000, guid: 0438351a6e6422d43a09930e9be00ee9, type: 3}
      propertyPath: EmissionModule.m_Bursts.Array.data[0].countCurve.minCurve.m_Curve.Array.data[0].outWeight
      value: 0.33333334
      objectReference: {fileID: 0}
    - target: {fileID: 19800000, guid: 0438351a6e6422d43a09930e9be00ee9, type: 3}
      propertyPath: EmissionModule.m_Bursts.Array.data[0].countCurve.minCurve.m_Curve.Array.data[1].inWeight
      value: 0.33333334
      objectReference: {fileID: 0}
    - target: {fileID: 19800000, guid: 0438351a6e6422d43a09930e9be00ee9, type: 3}
      propertyPath: EmissionModule.m_Bursts.Array.data[0].countCurve.minCurve.m_Curve.Array.data[1].outWeight
      value: 0.33333334
      objectReference: {fileID: 0}
    - target: {fileID: 19800000, guid: 0438351a6e6422d43a09930e9be00ee9, type: 3}
      propertyPath: ShapeModule.type
      value: 4
      objectReference: {fileID: 0}
    - target: {fileID: 19800000, guid: 0438351a6e6422d43a09930e9be00ee9, type: 3}
      propertyPath: ShapeModule.angle
      value: 25
      objectReference: {fileID: 0}
    - target: {fileID: 19800000, guid: 0438351a6e6422d43a09930e9be00ee9, type: 3}
      propertyPath: InitialModule.startLifetime.scalar
      value: 0.3
      objectReference: {fileID: 0}
    - target: {fileID: 19800000, guid: 0438351a6e6422d43a09930e9be00ee9, type: 3}
      propertyPath: InitialModule.size3D
      value: 0
      objectReference: {fileID: 0}
    - target: {fileID: 19800000, guid: 0438351a6e6422d43a09930e9be00ee9, type: 3}
      propertyPath: playOnAwake
      value: 0
      objectReference: {fileID: 0}
    - target: {fileID: 19800000, guid: 0438351a6e6422d43a09930e9be00ee9, type: 3}
      propertyPath: InitialModule.startSize.scalar
      value: 0.01
      objectReference: {fileID: 0}
    - target: {fileID: 19800000, guid: 0438351a6e6422d43a09930e9be00ee9, type: 3}
      propertyPath: VelocityModule.enabled
      value: 1
      objectReference: {fileID: 0}
    - target: {fileID: 19800000, guid: 0438351a6e6422d43a09930e9be00ee9, type: 3}
      propertyPath: VelocityModule.inWorldSpace
      value: 0
      objectReference: {fileID: 0}
    - target: {fileID: 19800000, guid: 0438351a6e6422d43a09930e9be00ee9, type: 3}
      propertyPath: VelocityModule.speedModifier.scalar
      value: 1
      objectReference: {fileID: 0}
    - target: {fileID: 19800000, guid: 0438351a6e6422d43a09930e9be00ee9, type: 3}
      propertyPath: InitialModule.gravityModifier.scalar
      value: 0
      objectReference: {fileID: 0}
    - target: {fileID: 19800000, guid: 0438351a6e6422d43a09930e9be00ee9, type: 3}
      propertyPath: InitialModule.startSpeed.scalar
      value: 7
      objectReference: {fileID: 0}
    - target: {fileID: 19800000, guid: 0438351a6e6422d43a09930e9be00ee9, type: 3}
      propertyPath: ShapeModule.radiusThickness
      value: 1
      objectReference: {fileID: 0}
    - target: {fileID: 19800000, guid: 0438351a6e6422d43a09930e9be00ee9, type: 3}
      propertyPath: looping
      value: 0
      objectReference: {fileID: 0}
    m_RemovedComponents: []
  m_SourcePrefab: {fileID: 100100000, guid: 0438351a6e6422d43a09930e9be00ee9, type: 3}
--- !u!4 &1768395982296752204 stripped
Transform:
  m_CorrespondingSourceObject: {fileID: 400006, guid: 0438351a6e6422d43a09930e9be00ee9,
    type: 3}
  m_PrefabInstance: {fileID: 1768395982296365770}
  m_PrefabAsset: {fileID: 0}
--- !u!198 &1768395982282597646 stripped
ParticleSystem:
  m_CorrespondingSourceObject: {fileID: 19800004, guid: 0438351a6e6422d43a09930e9be00ee9,
    type: 3}
  m_PrefabInstance: {fileID: 1768395982296365770}
  m_PrefabAsset: {fileID: 0}
